% Paper 8: Validated Gates for Nested Resonance Memory Systems
% Bibliography File
% Author: Aldrin Payopay
% Co-Author: Claude Sonnet 4.5 (DUALITY-ZERO-V2)

% ==============================================================================
% NESTED RESONANCE MEMORY FRAMEWORK (Self-Citation)
% ==============================================================================

@article{payopay2025nrm_paper2,
  author = {Payopay, Aldrin and Claude Sonnet 4.5},
  title = {Regime Classification in Nested Resonance Memory Systems: Three Dynamical Regimes},
  journal = {arXiv preprint},
  year = {2025},
  note = {In preparation - Paper 2},
  url = {https://github.com/mrdirno/nested-resonance-memory-archive}
}

@article{payopay2025nrm_paper5d,
  author = {Payopay, Aldrin and Claude Sonnet 4.5},
  title = {Pattern Mining Framework for Nested Resonance Memory Systems},
  journal = {arXiv preprint},
  year = {2025},
  note = {In preparation - Paper 5D},
  url = {https://github.com/mrdirno/nested-resonance-memory-archive}
}

@article{payopay2025nrm_paper6,
  author = {Payopay, Aldrin and Claude Sonnet 4.5},
  title = {Nested Resonance Memory: A Framework for Self-Organizing Complexity},
  journal = {arXiv preprint},
  year = {2025},
  note = {In preparation - Paper 6},
  url = {https://github.com/mrdirno/nested-resonance-memory-archive}
}

% ==============================================================================
% STOCHASTIC DIFFERENTIAL EQUATIONS & FOKKER-PLANCK
% ==============================================================================

@book{gardiner2009stochastic,
  author = {Gardiner, Crispin},
  title = {Stochastic Methods: A Handbook for the Natural and Social Sciences},
  publisher = {Springer},
  year = {2009},
  edition = {4th},
  isbn = {978-3-540-70712-7}
}

@book{risken1996fokker,
  author = {Risken, Hannes},
  title = {The Fokker-Planck Equation: Methods of Solutions and Applications},
  publisher = {Springer},
  year = {1996},
  edition = {2nd},
  series = {Springer Series in Synergetics},
  isbn = {978-3-540-61530-9}
}

@article{gillespie2000chemical,
  author = {Gillespie, Daniel T.},
  title = {The chemical Langevin equation},
  journal = {The Journal of Chemical Physics},
  volume = {113},
  number = {1},
  pages = {297--306},
  year = {2000},
  doi = {10.1063/1.481811}
}

@article{kurtz1970solutions,
  author = {Kurtz, Thomas G.},
  title = {Solutions of ordinary differential equations as limits of pure jump Markov processes},
  journal = {Journal of Applied Probability},
  volume = {7},
  number = {1},
  pages = {49--58},
  year = {1970},
  doi = {10.2307/3212147}
}

% ==============================================================================
% REGIME DETECTION & CLASSIFICATION
% ==============================================================================

@article{scheffer2009early,
  author = {Scheffer, Marten and Bascompte, Jordi and Brock, William A. and Brovkin, Victor and Carpenter, Stephen R. and Dakos, Vasilis and Held, Hermann and van Nes, Egbert H. and Rietkerk, Max and Sugihara, George},
  title = {Early-warning signals for critical transitions},
  journal = {Nature},
  volume = {461},
  number = {7260},
  pages = {53--59},
  year = {2009},
  doi = {10.1038/nature08227}
}

@article{dakos2012methods,
  author = {Dakos, Vasilis and Carpenter, Stephen R. and Brock, William A. and Ellison, Aaron M. and Guttal, Vishwesha and Ives, Anthony R. and K{\'e}fi, Sonia and Livina, Valerie and Seekell, David A. and van Nes, Egbert H. and Scheffer, Marten},
  title = {Methods for detecting early warnings of critical transitions in time series illustrated using simulated ecological data},
  journal = {PLOS ONE},
  volume = {7},
  number = {7},
  pages = {e41010},
  year = {2012},
  doi = {10.1371/journal.pone.0041010}
}

@article{strogatz1994nonlinear,
  author = {Strogatz, Steven H.},
  title = {Nonlinear Dynamics and Chaos: With Applications to Physics, Biology, Chemistry, and Engineering},
  journal = {Addison-Wesley},
  year = {1994},
  isbn = {978-0-201-54344-5}
}

% ==============================================================================
% REPRODUCIBILITY & VALIDATION
% ==============================================================================

@article{peng2011reproducible,
  author = {Peng, Roger D.},
  title = {Reproducible research in computational science},
  journal = {Science},
  volume = {334},
  number = {6060},
  pages = {1226--1227},
  year = {2011},
  doi = {10.1126/science.1213847}
}

@article{sandve2013ten,
  author = {Sandve, Geir Kjetil and Nekrutenko, Anton and Taylor, James and Hovig, Eivind},
  title = {Ten simple rules for reproducible computational research},
  journal = {PLOS Computational Biology},
  volume = {9},
  number = {10},
  pages = {e1003285},
  year = {2013},
  doi = {10.1371/journal.pcbi.1003285}
}

@article{wilson2014best,
  author = {Wilson, Greg and Aruliah, D. A. and Brown, C. Titus and Chue Hong, Neil P. and Davis, Matt and Guy, Richard T. and Haddock, Steven H. D. and Huff, Kathryn D. and Mitchell, Ian M. and Plumbley, Mark D. and Waugh, Ben and White, Ethan P. and Wilson, Paul},
  title = {Best practices for scientific computing},
  journal = {PLOS Biology},
  volume = {12},
  number = {1},
  pages = {e1001745},
  year = {2014},
  doi = {10.1371/journal.pbio.1001745}
}

@article{merkel2014docker,
  author = {Merkel, Dirk},
  title = {Docker: lightweight Linux containers for consistent development and deployment},
  journal = {Linux Journal},
  volume = {2014},
  number = {239},
  pages = {2},
  year = {2014},
  url = {https://www.linuxjournal.com/content/docker-lightweight-linux-containers-consistent-development-and-deployment}
}

% ==============================================================================
% CONTINUOUS INTEGRATION & SOFTWARE TESTING
% ==============================================================================

@book{humble2010continuous,
  author = {Humble, Jez and Farley, David},
  title = {Continuous Delivery: Reliable Software Releases through Build, Test, and Deployment Automation},
  publisher = {Addison-Wesley},
  year = {2010},
  isbn = {978-0-321-60191-9}
}

@article{pytest2023,
  author = {{pytest development team}},
  title = {pytest: helps you write better programs},
  year = {2023},
  url = {https://docs.pytest.org/}
}

@misc{githubactions2023,
  author = {{GitHub}},
  title = {GitHub Actions Documentation},
  year = {2023},
  url = {https://docs.github.com/en/actions}
}

% ==============================================================================
% CRYPTOGRAPHIC HASHING & SECURITY
% ==============================================================================

@techreport{nist2015sha256,
  author = {{National Institute of Standards and Technology}},
  title = {Secure Hash Standard (SHS)},
  institution = {NIST},
  year = {2015},
  number = {FIPS PUB 180-4},
  doi = {10.6028/NIST.FIPS.180-4}
}

@article{preneel1999state,
  author = {Preneel, Bart},
  title = {The state of cryptographic hash functions},
  journal = {Lectures on Data Security},
  pages = {158--182},
  year = {1999},
  publisher = {Springer},
  doi = {10.1007/3-540-48969-X_8}
}

% ==============================================================================
% COMPUTATIONAL EXPENSE & BENCHMARKING
% ==============================================================================

@article{lilja2005measuring,
  author = {Lilja, David J.},
  title = {Measuring Computer Performance: A Practitioner's Guide},
  publisher = {Cambridge University Press},
  year = {2005},
  isbn = {978-0-521-64670-9},
  doi = {10.1017/CBO9780511546815}
}

@book{jain1991art,
  author = {Jain, Raj},
  title = {The Art of Computer Systems Performance Analysis: Techniques for Experimental Design, Measurement, Simulation, and Modeling},
  publisher = {Wiley},
  year = {1991},
  isbn = {978-0-471-50336-1}
}

% ==============================================================================
% PYTHON SCIENTIFIC COMPUTING
% ==============================================================================

@article{harris2020array,
  author = {Harris, Charles R. and Millman, K. Jarrod and van der Walt, St{\'e}fan J. and Gommers, Ralf and Virtanen, Pauli and Cournapeau, David and Wieser, Eric and Taylor, Julian and Berg, Sebastian and Smith, Nathaniel J. and Kern, Robert and Picus, Matti and Hoyer, Stephan and van Kerkwijk, Marten H. and Brett, Matthew and Haldane, Allan and del R{\'i}o, Jaime Fern{\'a}ndez and Wiebe, Mark and Peterson, Pearu and G{\'e}rard-Marchant, Pierre and Sheppard, Kevin and Reddy, Tyler and Weckesser, Warren and Abbasi, Hameer and Gohlke, Christoph and Oliphant, Travis E.},
  title = {Array programming with NumPy},
  journal = {Nature},
  volume = {585},
  number = {7825},
  pages = {357--362},
  year = {2020},
  doi = {10.1038/s41586-020-2649-2}
}

@article{virtanen2020scipy,
  author = {Virtanen, Pauli and Gommers, Ralf and Oliphant, Travis E. and Haberland, Matt and Reddy, Tyler and Cournapeau, David and Burovski, Evgeni and Peterson, Pearu and Weckesser, Warren and Bright, Jonathan and van der Walt, St{\'e}fan J. and Brett, Matthew and Wilson, Joshua and Millman, K. Jarrod and Mayorov, Nikolay and Nelson, Andrew R. J. and Jones, Eric and Kern, Robert and Larson, Eric and Carey, C J and Polat, {\.I}lhan and Feng, Yu and Moore, Eric W. and VanderPlas, Jake and Laxalde, Denis and Perktold, Josef and Cimrman, Robert and Henriksen, Ian and Quintero, E. A. and Harris, Charles R. and Archibald, Anne M. and Ribeiro, Ant{\^o}nio H. and Pedregosa, Fabian and van Mulbregt, Paul and {SciPy 1.0 Contributors}},
  title = {{SciPy} 1.0: Fundamental Algorithms for Scientific Computing in Python},
  journal = {Nature Methods},
  volume = {17},
  pages = {261--272},
  year = {2020},
  doi = {10.1038/s41592-019-0686-2}
}

@misc{psutil2023,
  author = {Rodola, Giampaolo},
  title = {psutil: Cross-platform lib for process and system monitoring in Python},
  year = {2023},
  url = {https://github.com/giampaolo/psutil}
}

% ==============================================================================
% STATISTICAL METHODS
% ==============================================================================

@book{wasserman2004all,
  author = {Wasserman, Larry},
  title = {All of Statistics: A Concise Course in Statistical Inference},
  publisher = {Springer},
  year = {2004},
  series = {Springer Texts in Statistics},
  isbn = {978-0-387-40272-7},
  doi = {10.1007/978-0-387-21736-9}
}

@book{efron1994introduction,
  author = {Efron, Bradley and Tibshirani, Robert J.},
  title = {An Introduction to the Bootstrap},
  publisher = {Chapman and Hall/CRC},
  year = {1994},
  series = {Monographs on Statistics and Applied Probability},
  isbn = {978-0-412-04231-7},
  doi = {10.1201/9780429246593}
}

% ==============================================================================
% SELF-ORGANIZING SYSTEMS & EMERGENCE
% ==============================================================================

@book{kauffman1995at,
  author = {Kauffman, Stuart A.},
  title = {At Home in the Universe: The Search for the Laws of Self-Organization and Complexity},
  publisher = {Oxford University Press},
  year = {1995},
  isbn = {978-0-19-509599-9}
}

@article{bonabeau1999swarm,
  author = {Bonabeau, Eric and Dorigo, Marco and Theraulaz, Guy},
  title = {Swarm intelligence: from natural to artificial systems},
  journal = {Oxford University Press},
  year = {1999},
  isbn = {978-0-19-513159-8}
}

@article{mitchell2009complexity,
  author = {Mitchell, Melanie},
  title = {Complexity: A Guided Tour},
  publisher = {Oxford University Press},
  year = {2009},
  isbn = {978-0-19-512441-5}
}
